@Book{williams2006gaussian,
  title={Gaussian processes for machine learning},
  author={Williams, Christopher KI and Rasmussen, Carl Edward},
  volume={2},
  number={3},
  year={2006},
  publisher={MIT Press Cambridge, MA}
}

@book{bishop2006pattern,
  title={Pattern recognition and machine learning},
  author={Bishop, Christopher M},
  year={2006},
  publisher={springer}
}

@misc{test,
	title={gaussian process},
	author={Drakos Nikos, Moore Ross, Wang Ruye},
	url={"http://fourier.eng.hmc.edu/e161/lectures/gaussianprocess/index.html"}
}
